@TechReport{buckheit1995wavelab,
  author = 	 {Jonathan B. Buckheit and David L. Donoho},
  title = 	 {Wave{L}ab and reproducible research},
  institution =  {Department of Statistics, Stanford University},
  year = 	 1995,
  number = 	 474,
  month = 	 {May}}

@inproceedings{claerbout1992electronic,
  title={Electronic documents give reproducible research a new meaning},
  author={Claerbout, Jon F and Karrenfach, Martin F},
  booktitle={1992 SEG Annual Meeting},
  year=1992
}

@unpublished{drummond2012reproducible,
  title={Reproducible Research: a Dissenting Opinion},
  author={Drummond, Chris},
  year={2012},
  note={posted at http://cogprints.org/8675/}
}

@article{fomel2009reproducible,
  title={Reproducible Research},
  author={Fomel, Sergey and Claerbout, Jon F},
  journal={Computing in Science \& Engineering},
  volume=11,
  number=1,
  pages={5--7},
  year=2009,
  publisher={IEEE}
}


@article{gentleman2004statistical,
  title={Statistical analyses and reproducible research},
  author={Gentleman, Robert and Temple Lang, Duncan},
  year=2004,
  journal={Bioconductor Project Working Papers},
  publisher={bepress}
}


@article{gentleman2005reproducible,
  title={Reproducible research: A bioinformatics case study},
  author={Gentleman, Robert and others},
  journal={Statistical Applications in Genetics and Molecular Biology},
  volume=4,
  number=1,
  pages=1034,
  year=2005
}

@article{knuth1984literate,
  title={Literate programming},
  author={Knuth, Donald E.},
  journal={The Computer Journal},
  volume=27,
  number=2,
  pages={97--111},
  year=1984,
  publisher={Br Computer Soc}
}

@article{peng2008caching,
  author = 	 {Roger D. Peng},
  title = 	 {Caching and distributing statistical analyses in {R}},
  journal = 	 {Journal of Statistical Software},
  year = 	 2008,
  volume = 	 26,
  number = 	 7,
  pages = 	 {1--24}}

@article{peng2009reproducible,
  title={Reproducible research and Biostatistics},
  author={Peng, Roger D},
  journal={Biostatistics},
  volume={10},
  number={3},
  pages={405--408},
  year={2009},
  publisher={Biometrika Trust}
}

@article{peng2011reproducible,
  title={Reproducible research in computational science},
  author={Peng, Roger D},
  journal={Science},
  volume={334},
  number={6060},
  pages={1226--1227},
  year={2011},
  publisher={American Association for the Advancement of Science}
}

@article{schwab2000making,
  title={Making scientific computations reproducible},
  author={Schwab, Matthias and Karrenbach, N and Claerbout, Jon},
  journal={Computing in Science \& Engineering},
  volume={2},
  number={6},
  pages={61--67},
  year={2000},
  publisher={IEEE}
}

@article{simmons2011false,
  title={False-Positive Psychology Undisclosed Flexibility in Data Collection and Analysis Allows Presenting Anything as Significant},
  author={Simmons, Joseph P and Nelson, Leif D and Simonsohn, Uri},
  journal={Psychological Science},
  volume=22,
  number=11,
  pages={1359--1366},
  year=2011,
  publisher={Sage Publications}
}

@article{stodden2009enabling,
  title={Enabling reproducible research: licensing for scientific innovation},
  author={Stodden, Victoria C},
  journal={International Journal of Communications Law and Policy},
  year={2009},
  volume={13}
}

@article{stodden2010reproducible,
  title={Reproducible Research: Addressing the Need for Data and Code Sharing in Computational Science},
  author={Stodden, Victoria C},
  journal={Computing in Science \& Engineering},
  volume={12},
  number={5},
  pages={8},
  year={2010}
}

@article{stodden2011trust,
  title={Trust your science? Open your data and code},
  author={Stodden, Victoria C},
  journal={Amstat News},
  volume={409},
  pages={21--22},
  year={2011}
}

@article{stodden2012reproducible,
  title={Reproducible Research: Tools and Strategies for Scientific Computing},
  author={Stodden, Victoria C},
  journal={Computing in Science \& Engineering},
  pages={11--12},
  year={2012},
  publisher={Copublished by the IEEE CS and the AIP}
}

